@ARTICLE{skalko2014,
  author = {Скалько, Ю. И. and Цыбулин, И. В. and Карасев, Р. Н. and Акопян, А. В. and Мендель, М. А.},
  title = {Маршевый алгоритм решения задачи переноса излучения методом коротких характеристик},
  journal = {Компьютерные исследования и моделирование},
  year = {2014},
  volume = {6},
  number = {2},
  pages = {203-215},
  language = {russian},
}

@ARTICLE{tsybulin2015a,
  author = {Цыбулин, И. В. and Скалько, Ю. И. and Павлова, Е. С.},
  title = {Распределенный матод длинных характеристик для решения уравнения переноса излучения},
  journal = {Труды Московского физико-технического института},
  year = {2015},
  volume = {7},
  number = {2},
  pages = {51-59},
  language = {russian},
}
