@ARTICLE{tsybulin2015b,
  author = {Цыбулин, И. В. and Скалько, Ю. И.},
  title = {Конечно-элементный метод для решения уравнения переноса излучения},
  journal = {Математическое моделирование информационных систем},
  year = {2015},
  volume = {?},
  number = {?},
  pages = {??--??},
  language = {russian},
}
