@CONFERENCE{miptconf53,
  author = {Цыбулин, И. В.},
  title = {Решение систем обыкновенных дифференциальных уравнений большой размерности с использованием графических ускорителей},
  booktitle = {Современные проблемы фундаментальных и прикладных наук. Часть VII. Управление и прикладная математика: Труды 53-й научной конференции МФТИ},
  volume = {3},
  year = {2010},
  publisher = {М.: МФТИ},
  language = {russian},
  pages = {33--34}
}
@CONFERENCE{miptconf54,
  author = {Цыбулин, И. В. and Скалько, Ю. И.},
  title = {Численное построение квадратурной формулы для полусферы методом продолжения по параметру},
  booktitle = {Проблемы фундаментальных и прикладных естественных и технических наук в современном информационном обществе. Часть VII. Управление и прикладная математика: Труды 54-й научной конференции МФТИ},
  volume = {2},
  year = {2011},
  publisher = {М.: МФТИ},
  language = {russian},
  pages = {27--28}
}
@CONFERENCE{miptconf55,
  author = {Цыбулин, И. В. and Скалько, Ю. И.},
  title = {Вариационный метод решения задачи переноса излучения в трехмерных областях},
  booktitle = {Проблемы фундаментальных и прикладных естественных и технических наук в современном информационном обществе. Часть VII. Управление и прикладная математика: Труды 55-й научной конференции МФТИ},
  volume = {2},
  year = {2012},
  publisher = {М.: МФТИ},
  language = {russian},
  pages = {96--97}
}
@CONFERENCE{miptconf56,
  author = {Цыбулин, И. В. and Скалько, Ю. И.},
  title = {Использование метода длинных характеристик для решения задачи переноса излучения на системах с распределенной памятью},
  booktitle = {Актуальные проблемы фундаментальных и прикладных наук в современном информационном обществе. Часть VII. Управление и прикладная математика: Труды 56-й научной конференции МФТИ},
  volume = {2},
  year = {2013},
  publisher = {М.: МФТИ},
  language = {russian},
  pages = {89--90}
}
@CONFERENCE{miptconf57,
  author = {Цыбулин, И. В. and Скалько, Ю. И.},
  title = {Реализация распределенного метода длинных характеристик с использованием GPU ускорителей},
  booktitle = {Актуальные проблемы фундаментальных и прикладных наук в области физики. Часть VII. Управление и прикладная математика: Труды 57-й научной конференции МФТИ},
  volume = {2},
  year = {2014},
  publisher = {М.: МФТИ},
  language = {russian},
  pages = {103--105}
}